@book{book:RandomMatrix,
   title =     {Topics in Random Matrix Theory},
   author =    {Terence Tao},
   publisher = {American Mathematical Society},
   isbn =      { 0821874306,978-0-8218-7430-1 },
   year =      {2012},
   series =    {AMS Graduate studies in mathematics 132},
   edition =   {},
   volume =    {},
   url =       {https://terrytao.wordpress.com/wp-content/uploads/2011/02/matrix-book.pdf}
}

@book{book:Holder,
   title =     {Functional analysis},
   author =    {Akilov, Gleb Pavlovich; Kantorovich, Leonid Vital'evich},
   publisher = {Pergamon Press},
   isbn =      {0-08-023036-9,9780080230368,9780080264868,0-08-026486-7,5-1975-1016-1,8-1948-1389-1},
   year =      {1982},
   series =    {},
   edition =   {2d ed},
   volume =    {},
   url =       {}
}

@book{book:Kolmogorov,
   title =     {Foundations of the Theory of Probability},
   author =    {A. N. Kolmogorov},
   publisher = {Mir Publishers},
   isbn =      {1614275149,9781614275145},
   year =      {2013},
   series =    {},
   edition =   {},
   volume =    {},
   url =       {https://archive.org/details/kolmogorov_202112/mode/2up}
}

@BOOK{book:Renyi1970,
  title     = "Probability Theory",
  author    = "R{\'e}nyi, Alfr{\'e}d",
  year      =  1970,
  language  = "en",
  publisher = "North-Holland",
  isbn      = "9780720423600",
  pages     = "666",
  edition   = "Updated",
    url     = {http://real-eod.mtak.hu/12669/}
}


@book{book:MonteCarlo,
   title =     {Monte Carlo Statistical Methods},
   author =    {Christian Robert, George Casella},
   publisher = {Springer},
   isbn =      {0387212396,9780387212395},
   year =      {2004},
   series =    {Springer Texts in Statistics},
   edition =   {2nd},
   volume =    {},
   url =       {}
}

@book{book:StatisticsIntro,
   title =     {An Introduction to Mathematical Statistics  and Its Applications},
   author =    {Richard J. Larsen, Morris L. Marx},
   publisher = {Pearson},
   isbn =      {9780134114217; 0134114213},
   year =      {2018},
   edition =   {6th},
   url =       {https://math.emory.edu/~lchen41/teaching/2020_Spring/Larsen-5E.pdf}
}

@article{aper:MultyDimEylerMaclaurin01,
  title = {Eulerâ€“MacLaurin Summation Formula on Polytopes and Expansions in Multivariate Bernoulli Polynomials},
  volume = {29},
  ISSN = {1531-5851},
  url = {http://dx.doi.org/10.1007/s00041-023-10011-9},
  DOI = {10.1007/s00041-023-10011-9},
  number = {3},
  journal = {Journal of Fourier Analysis and Applications},
  publisher = {Springer Science and Business Media LLC},
  author = {Brandolini, L. and Colzani, L. and Gariboldi, B. and Gigante, G. and Monguzzi, A.},
  year = {2023},
  month = may,
  note = {Preprint available at \url{https://arxiv.org/abs/2203.06236}}
}



@article{paper:MultyDimEylerMaclaurin02,
  title={Euler-Maclaurin with remainder for a simple integral polytope},
  author={Yael Karshon and Shlomo Sternberg and Jonathan Weitsman},
  journal={Duke Mathematical Journal},
  year={2003},
  volume={130},
  pages={401-434},
  url={https://api.semanticscholar.org/CorpusID:10257800},
  note={Available at \url{https://arxiv.org/abs/math/0307125}}
}

@book{book:GameTheory101,
   title =     {Game Theory 101: The Complete Textbook},
   author =    {William Spaniel},
   publisher = {Create Space Independant Publishing},
   isbn =      {1492728152; 978-1492728153},
   year =      {2011},
   series =    {},
   edition =   {First},
   volume =    {},
   url =       {}
}

@book{book:EssentialGameTheory,
   title =     {Essentials of Game Theory: A Concise, Multidisciplinary Introduction},
   author =    {Kevin Leyton-Brown, Yoav Shoham},
   publisher = {Morgan and Claypool Publishers},
   isbn =      {1598295934,9781598295931},
   year =      {2008},
   series =    {Synthesis Lectures on Artificial Intelligence and Machine Learning; 03},
   edition =   {Illustrated},
   volume =    {},
   url =       {https://physics.ujep.cz/~jskvor/KVM/TeorieHer/shoham.pdf}
}

@book{book:GameTheory,
   title =     {Game Theory},
   author =    {Michael Maschler, Eilon Solan, Shmuel Zamir},
   publisher = {Cambridge University Press},
   isbn =      {1107005485},
   year =      {2013},
   series =    {},
   edition =   {},
   volume =    {},
   url =       {}
}