@article{paper:Nash1951,
  title = {Non-Cooperative Games},
  volume = {54},
  ISSN = {0003-486X},
  url = {http://dx.doi.org/10.2307/1969529},
  DOI = {10.2307/1969529},
  number = {2},
  journal = {The Annals of Mathematics},
  publisher = {JSTOR},
  author = {Nash,  John},
  year = {1951},
  month = sep,
  pages = {286}
}

@techreport{misc:Jiang2007,
  title={A Tutorial on the Proof of the Existence of Nash Equilibria},
  author={Albert Xin Jiang and Kevin Leyton-Brown},
  institution={University of British Columbia},
  year={2007},
  number={TR-2007-25},
  url={https://www.cs.ubc.ca/tr/2007/tr-2007-25},
  note={Online available at \url{https://www.cs.ubc.ca/~jiang/papers/NashReport.pdf}}
}

@misc{arxiv:Hyafil2012Regret,
      title={Regret Minimizing Equilibria and Mechanisms for Games with Strict Type Uncertainty}, 
      author={Nathanael Hyafil and Craig Boutilier},
      year={2012},
      eprint={1207.4147},
      archivePrefix={arXiv},
      primaryClass={cs.GT}
}

@misc{aexiv:Richeson2002FixedPoint,
      title={A fixed point theorem for bounded dynamical systems}, 
      author={David Richeson and Jim Wiseman},
      year={2002},
      eprint={math/0108064},
      archivePrefix={arXiv},
      primaryClass={math.DS}
}

@misc{arxiv:StatisticalGames,
      title={Statistical Games}, 
      author={Jozsef Konczer},
      year={2024},
      eprint={2402.15892},
      archivePrefix={arXiv},
      primaryClass={math.ST}
}

@book{book:EvolutionGameBookJMSmith,
 Author = {John Maynard Smith},
 title = {Evolution and the Theory of Games},
 description = {Evolution and the Theory of Games (Book, 1982)},
 publisher = {Cambridge University Press},
 interhash = {761a3e54dc4078e50fd1cded4d34a7a6},
 intrahash = {37a3b51d0aae00e511ac6fabd0bae591},
 year = {1982},
 month = {dec},
 isbn = {0521288843},
 url = {}
}

@book{book:Savage,
   title =     {The Foundations of Statistics, Second Revised Edition},
   author =    {Leonard J. Savage},
   publisher = {Dover Publications, Inc.},
   isbn =      {0486623491},
   year =      {1972},
   series =    {},
   edition =   {2 Revised},
   volume =    {},
   url =       {},
   note = {Other ISBN: 9780486623498}
}

@article{paper:MinimaxRegretNiehans1948,
  author       = {Jürg Niehans},
  title        = {Zur Preisbildung bei ungewissen Erwartungen},
  journal      = {Swiss Journal of Economics and Statistics (SJES)},
  volume       = {84},
  number       = {5},
  pages        = {433--456},
  year         = {1948},
  url          = {https://econpapers.repec.org/article/sesarsjes/1948-v-3.htm},
  note         = {Available at \url{https://www.sjes.ch/papers/1948-V-3.pdf}}
}

@misc{essay:EssayOnUncertaintyKonczer2024,
  title={Essay on Uncertainty},
  author={József Konczer},
  year={2024},
  month={December},
  howpublished={\url{https://github.com/Konczer/UncertaintyTheory}},
  note={Available at \url{https://github.com/Konczer/UncertaintyTheory/raw/refs/heads/main/Essay/pdf/EssayOnUncertainty.pdf}},
  url={https://github.com/Konczer/UncertaintyTheory/raw/refs/heads/main/Essay/pdf/EssayOnUncertainty.pdf}
}

@inproceedings{paper:HintonReLU2010,
  author        = {Vinod Nair and Geoffrey E. Hinton},
  title         = {Rectified Linear Units Improve Restricted Boltzmann Machines},
  booktitle     = {Proceedings of the 27th International Conference on Machine Learning},
  year          = {2010},
  publisher     = {Omnipress},
  pages         = {807--814},
  url           = {https://web.archive.org/web/20150623173042/www.icml2010.org/papers/432.pdf},
  note          = {Also available at \url{https://www.cs.toronto.edu/~fritz/absps/reluICML.pdf}}
}

@article{paper:Fukushima1975,
  title = {Cognitron: A self-organizing multilayered neural network},
  volume = {20},
  ISSN = {1432-0770},
  url = {http://dx.doi.org/10.1007/bf00342633},
  DOI = {10.1007/bf00342633},
  number = {3–4},
  journal = {Biological Cybernetics},
  publisher = {Springer Science and Business Media LLC},
  author = {Fukushima,  Kunihiko},
  year = {1975},
  pages = {121–136}
}

@article{paper:Householder1941,
  title = {A theory of steady-state activity in nerve-fiber networks: I. Definitions and preliminary lemmas},
  volume = {3},
  ISSN = {1522-9602},
  url = {http://dx.doi.org/10.1007/BF02478220},
  DOI = {10.1007/bf02478220},
  number = {2},
  journal = {The Bulletin of Mathematical Biophysics},
  publisher = {Springer Science and Business Media LLC},
  author = {Householder,  Alston S.},
  year = {1941},
  month = jun,
  pages = {63–69}
}

@article{paper:Brouwer1911,
  title = {\"Uber Abbildung von Mannigfaltigkeiten},
  volume = {71},
  ISSN = {1432-1807},
  url = {http://dx.doi.org/10.1007/BF01456931},
  DOI = {10.1007/bf01456931},
  number = {1},
  journal = {Mathematische Annalen},
  publisher = {Springer Science and Business Media LLC},
  author = {Brouwer,  L. E. J.},
  year = {1911},
  month = mar,
  pages = {97–115}
}

@article{paper:NinetyYearsOfBrouwer,
author = {Park, Sehie},
year = {1999},
month = {01},
pages = {},
title = {Ninety years of the Brouwer fixed point theorem},
volume = {27},
journal = {Vietnam Journal of Mathematics},
note = {Online available at \url{http://math.ac.vn/publications/vjm/vjm_27/No.3/187-222_Park.PDF}}
}

@book{book:FixedPointTheory,
   title =     {Fixed Point Theory},
   author =    {Andrzej Granas, James Dugundji},
   publisher = {Springer},
   isbn =      {9780387001739},
   year =      {2003},
   series =    {Springer monographs in mathematics},
   edition =   {},
   volume =    {},
   url =       {},
   note =      {Other ISBN: 0387001735}
}

@book{book:HandbookOfTopologicalFixedPointTheory,
   title =     {Handbook of Topological Fixed Point Theory},
   author =    {Robert F. Brown and Massimo Furi and L. Gorniewicz and Boju Jiang},
   publisher = {Springer},
   isbn =      {1402032218},
   year =      {2005},
   series =    {},
   edition =   {2nd Printing.},
   volume =    {},
   url =       {},
   note = {Other ISBNs: 9781402032219, 9781402032226, 1402032226}
}

@book{book:GameTheory,
   title =     {Game Theory},
   author =    {Michael Maschler, Eilon Solan, Shmuel Zamir},
   publisher = {Cambridge University Press},
   isbn =      {1107005485},
   year =      {2013},
   series =    {},
   edition =   {},
   volume =    {},
   url =       {}
}

@book{book:Wald,
   title =     {Statistical decision functions},
   author =    {Abraham Wald.},
   publisher = {New York, Wiley},
   isbn =      {},
   year =      {1950},
   series =    {Wiley publications in statistics.},
   edition =   {},
   volume =    {},
   url =       {https://catalog.hathitrust.org/Record/000469182}
}

@book{book:CoxStatistics,
   title =     {Theoretical statistics},
   author =    {Cox, David Roxbee; Hinkley, D. V.},
   publisher = {CRC Press},
   isbn =      {9781482214925},
   year =      {2017},
   series =    {},
   edition =   {},
   volume =    {},
   url =       {},
   note =      {Other ISBNs: 148221492X, 9781489928870, 1489928871, 9780412161605, 9781138469600},
   url =       {}
}


@book{book:BayesianSocialScience,
   title =     {Bayesian Analysis for the Social Sciences},
   author =    {Simon Jackman},
   publisher = {},
   isbn =      {0470011548},
   year =      {2009},
   series =    {Wiley Series in Probability and Statistics},
   edition =   {1},
   volume =    {},
   url =       {},
   note = {Other ISBN: 9780470011546}
}

@book{book:Lindley,
   title =     {Making Decisions},
   author =    {Lindley, Dennis Victor},
   publisher = {Wiley},
   isbn =      {0471908037},
   year =      {1988},
   series =    {},
   edition =   {2},
   volume =    {},
   url =       {},
   note = {Other ISBN: 0471908088}
}

@article{paper:DivinationArticle,
 ISSN = {00027294, 15481433},
 URL = {http://www.jstor.org/stable/666530},
 author = {Omar Khayyam Moore},
 journal = {American Anthropologist},
 number = {1},
 pages = {69--74},
 publisher = {[American Anthropological Association, Wiley]},
 title = {Divination - A New Perspective},
 volume = {59},
 year = {1957}
}

@misc{reference.wolfram_2021_reduce, author="Wolfram Research", title="{Reduce}", year="2014", howpublished="\url{https://reference.wolfram.com/language/ref/Reduce.html}", note="[version 13.0]"}

@misc{reference.wolfram_2021_solve, author="Wolfram Research", title="{Solve}", year="2020", howpublished="\url{https://reference.wolfram.com/language/ref/Solve.html}", note="[version 13.0]"}

@article{paper:Regularity,
  title = {Probability,  Regularity,  and Cardinality},
  volume = {80},
  ISSN = {1539-767X},
  url = {http://dx.doi.org/10.1086/670299},
  DOI = {10.1086/670299},
  number = {2},
  journal = {Philosophy of Science},
  publisher = {Cambridge University Press (CUP)},
  author = {Pruss,  Alexander R.},
  year = {2013},
  month = apr,
  pages = {231–240}
}

@book{book:AlgorithmicGameTheory,
   title =     {Algorithmic game theory},
   author = {Noam Nisan and Tim Roughgarden and Eva Tardos and Vijay V. Vazirani},
   publisher = {Cambridge University Press},
   isbn = {0521872820},
   year =      {2007},
   series =    {},
   edition =   {},
   volume =    {},
   url =       {https://www.cs.cmu.edu/~sandholm/cs15-892F13/algorithmic-game-theory.pdf},
   note =      {Other ISBNs: 9780521872829, 9780511355721},
}

@book{book:HandbookOfGameTheoryVol3,
   title =     {Handbook of Game Theory with Economic Applications, Volume 3},
   author =    {R.J. Aumann, S. Hart},
   publisher = {North Holland},
   isbn =      {0444894284},
   year =      {2002},
   series =    {Handbooks in Economics},
   edition =   {1},
   volume =    {},
   url =       {},
   note = {Other ISBN: 9780444894281}
}

@article{paper:Harsanyi_I,
  doi = {10.1287/mnsc.14.3.159},
  url = {https://doi.org/10.1287/mnsc.14.3.159},
  year = {1967},
  month = nov,
  publisher = {Institute for Operations Research and the Management Sciences ({INFORMS})},
  volume = {14},
  number = {3},
  pages = {159--182},
  author = {John C. Harsanyi},
  title = {Games with Incomplete Information Played by {\textquotedblleft}Bayesian{\textquotedblright} Players,  I{\textendash}{III} Part I. The Basic Model},
  journal = {Management Science}
}

@article{paper:Harsanyi_II,
  doi = {10.1287/mnsc.14.5.320},
  url = {https://doi.org/10.1287/mnsc.14.5.320},
  year = {1968},
  month = jan,
  publisher = {Institute for Operations Research and the Management Sciences ({INFORMS})},
  volume = {14},
  number = {5},
  pages = {320--334},
  author = {John C. Harsanyi},
  title = {Games with Incomplete Information Played by {\textquotedblleft}Bayesian{\textquotedblright} Players Part {II}. Bayesian Equilibrium Points},
  journal = {Management Science}
}

@article{paper:Harsanyi_III,
  doi = {10.1287/mnsc.14.7.486},
  url = {https://doi.org/10.1287/mnsc.14.7.486},
  year = {1968},
  month = mar,
  publisher = {Institute for Operations Research and the Management Sciences ({INFORMS})},
  volume = {14},
  number = {7},
  pages = {486--502},
  author = {John C. Harsanyi},
  title = {Games with Incomplete Information Played by `Bayesian' Players,  Part {III}. The Basic Probability Distribution of the Game},
  journal = {Management Science}
}

@incollection{paper:ZamirBayesianGames,
  doi = {10.1007/978-0-387-30440-3\_29},
  url = {http://www.ma.huji.ac.il/~zamir/documents/BayesianGames_ShmuelZamir.pdf},
  year = {2009},
  publisher = {Springer New York},
  pages = {426--441},
  author = {Shmuel Zamir},
  title = {Bayesian Games: Games with Incomplete Information},
  booktitle = {Encyclopedia of Complexity and Systems Science}
}